@article{Anderson2000,
    author = {Anderson, E.J. and DeMont, M.E.},
    title = "{The mechanics of locomotion in the squid Loligo pealei: locomotory function and unsteady hydrodynamics of the jet and intramantle pressure}",
    journal = {Journal of Experimental Biology},
    volume = {203},
    number = {18},
    pages = {2851-2863},
    year = {2000},
    month = {09},
    issn = {0022-0949},
    doi = {10.1242/jeb.203.18.2851},
    url = {https://doi.org/10.1242/jeb.203.18.2851},
    eprint = {https://journals.biologists.com/jeb/article-pdf/203/18/2851/1236493/2851.pdf},
}