@book{craig2005introduction,
  title={Introduction to robotics: mechanics and control},
  author={Craig, John J},
  year={2005},
  publisher={Pearson Educacion}
}

@book{spong2020robot,
  title={Robot modeling and control},
  author={Spong, Mark W and Hutchinson, Seth and Vidyasagar, Mathukumalli},
  year={2020},
  publisher={John Wiley \& Sons}
}

@misc{Stanford1998,
  title = {Robotics: A Brief History},
  howpublished = {\url{https://cs.stanford.edu/people/eroberts/courses/soco/projects/1998-99/robotics/history.html}},
  note = {accessed on September 28, 2022},
}

@misc{wiki,
  title = {History of robots},
  howpublished = {\url{https://en.wikipedia.org/wiki/History_of_robots#cite_note-38}},
  note = {accessed on September 28, 2022},
}

@misc{IFRtimeline,
  title = {Robot History},
  author = {IFR International Federation of Robotics},
  year = {2021},
  howpublished = {\url{https://ifr.org/robot-history}},
  note = {accessed on September 28, 2022},
}

@misc{futura,
  title = {A Timeline History of Robotics},
  author = {V. McMorris},
  year = {2021},
  howpublished = {\url{https://futura-automation.com/2019/05/15/a-history-timeline-of-industrial-robotics/}},
  note = {accessed on September 28, 2022},
}


@misc{industrial,
  title = {Report of industrial Robots},
  author = {IFR International Federation of Robotics},
  year = {2021},
  howpublished = {\url{https://ifr.org/industrial-robots}},
  note = {accessed on September 28, 2022},
}

@misc{Jabil2021,
  title = {Ten Popular Industrial Robot Applications},
  author = {Jabil},
  year = {2021},
  howpublished = {\url{https://www.jabil.com/blog/ten}},
  note = {accessed on September 28, 2022},
}

@article{Michael2006,
author = {Moran, Michael E.},
title = {The da Vinci Robot},
journal = {Journal of Endourology},
volume = {20},
number = {12},
pages = {986-990},
year = {2006},
doi = {10.1089/end.2006.20.986},
note ={PMID: 17206888},
URL = {https://doi.org/10.1089/end.2006.20.986},
eprint = {https://doi.org/10.1089/end.2006.20.986},
}

@misc{Kevin2021,
  author = {Kevin Jackson},
  title = {A brief history of robots},
  howpublished = {\url{https://sciencenode.org/feature/A%20brief%20history%20of%20robots%20part%201.php}},
  year = {2021},
  motrh = {7},
  day = {14},
  note = {accessed on September 28, 2022},
}

@book{engelberger2012robotics,
  title={Robotics in practice: management and applications of industrial robots},
  author={Engelberger, Joseph F},
  year={2012},
  publisher={Springer Science \& Business Media}
}

@article{lohse2008domestic,
  title={Domestic applications for social robots: an online survey on the influence of appearance and capabilities},
  author={Lohse, Manja and Hegel, Frank and Wrede, Britta},
  year={2008},
  publisher={Red de Agentes F{\'\i}sicos}
}

@article{golnabi2007design,
  title={Design and application of industrial machine vision systems},
  author={Golnabi, H and Asadpour, A},
  journal={Robotics and Computer-Integrated Manufacturing},
  volume={23},
  number={6},
  pages={630--637},
  year={2007},
  publisher={Elsevier}
}